@article{gonzalez2020simultaneous,
  title={Simultaneous estimation of vehicle roll and sideslip angles through a deep learning approach},
  author={Gonz{\'a}lez, Lisardo Prieto and S{\'a}nchez, Susana Sanz and Garcia-Guzman, Javier and Boada, Mar{\'\i}a Jes{\'u}s L and Boada, Beatriz L},
  journal={Sensors},
  volume={20},
  number={13},
  pages={3679},
  year={2020},
  publisher={Multidisciplinary Digital Publishing Institute}
}